<record><leader>00000cas a2200000 a 4500</leader><controlfield tag="001">11688922</controlfield><controlfield tag="008">850213d19321944ksuwr ne      0   a0eng d</controlfield><datafield ind1=" " ind2=" " tag="010"><subfield code="a">sn 85030929 </subfield></datafield><datafield ind1=" " ind2=" " tag="040"><subfield code="a">KSH</subfield><subfield code="b">eng</subfield><subfield code="c">KSH</subfield><subfield code="d">NPT</subfield><subfield code="d">OCL</subfield><subfield code="d">OCLCQ</subfield></datafield><datafield ind1=" " ind2=" " tag="042"><subfield code="a">msc</subfield></datafield><datafield ind1="0" ind2=" " tag="130"><subfield code="a">Lincoln County news (Lincoln, Kan. : 1932)</subfield></datafield><datafield ind1="1" ind2="4" tag="245"><subfield code="a">The Lincoln County news.</subfield></datafield><datafield ind1=" " ind2=" " tag="260"><subfield code="a">Lincoln, Kan. :</subfield><subfield code="b">E.W. Bank, Wm. Headley &amp; Lewis Carver,</subfield><subfield code="c">1932-1944.</subfield></datafield><datafield ind1=" " ind2=" " tag="300"><subfield code="a">12 v. :</subfield><subfield code="b">ill. ;</subfield><subfield code="c">55 cm.</subfield></datafield><datafield ind1=" " ind2=" " tag="310"><subfield code="a">Weekly</subfield></datafield><datafield ind1="0" ind2=" " tag="362"><subfield code="a">Vol. 3, no. 10 (June 2, 1932)-v. 15, no. 25 (Aug. 31, 1944).</subfield></datafield><datafield ind1=" " ind2=" " tag="500"><subfield code="a">Publisher varies.</subfield></datafield><datafield ind1=" " ind2=" " tag="525"><subfield code="a">Supplements included.</subfield></datafield><datafield ind1=" " ind2=" " tag="752"><subfield code="a">United States</subfield><subfield code="b">Kansas</subfield><subfield code="c">Lincoln</subfield><subfield code="d">Lincoln.</subfield></datafield><datafield ind1="0" ind2="0" tag="780"><subfield code="t">Beverly banner</subfield><subfield code="w">(DLC)sn 85030918</subfield></datafield><datafield ind1="0" ind2="4" tag="785"><subfield code="t">Lincoln sentinel-republican</subfield><subfield code="w">(DLC)sn 85030927</subfield></datafield></record>